@online{vixen,
  author = {Vixen Team},
  title = {Vixen Lights},
  year = 2017,
  url = {http://www.vixenlights.com},
  urldate = {2017-03-16}
}

@book{platt2002introducing,
  title={Introducing Microsoft. Net},
  author={Platt, David S},
  year={2002},
  publisher={Microsoft press}
}

@article{de2004mono,
  title={The Mono project},
  author={de Icaza, Miguel and MOLARO, P and PRATAP, R and PORTER, D and others},
  journal={Available from \url{www.mono-project.com}},
  year={2004}
}

@online{wine,
  author = {WineHQ},
  title = {Wine Is Not an Emulator},
  year = 2017,
  url = {https://www.winehq.org},
  urldate = {2017-03-16}
}

@book{hejlsberg2003c,
  title={C\# language specification},
  author={Hejlsberg, Anders and Wiltamuth, Scott and Golde, Peter},
  year={2003},
  publisher={Addison-Wesley Longman Publishing Co., Inc.}
}

@book{shreiner2009opengl,
  title={OpenGL programming guide: the official guide to learning OpenGL, versions 3.0 and 3.1},
  author={Shreiner, Dave and Bill The Khronos OpenGL ARB Working Group and others},
  year={2009},
  publisher={Pearson Education}
}
